<?xml version="1.0" encoding="UTF-8"?><collection xmlns="http://www.loc.gov/MARC21/slim"><record><leader>00362nam--2200133-i-4500</leader><controlfield tag="001">000002627</controlfield><controlfield tag="002">20161230</controlfield><controlfield tag="005">20161230201025</controlfield><controlfield tag="008">060222s1000------------r-----000-0-eng-d</controlfield><datafield ind1=" " ind2=" " tag="080"><subfield code="a">805.90.801.323.1.=590</subfield></datafield><datafield ind1=" " ind2=" " tag="100"><subfield code="a">Breban Vasile Si Canarache Ana</subfield></datafield><datafield ind1=" " ind2=" " tag="245"><subfield code="a">Mic dictionar al limbii romane</subfield></datafield><datafield ind1=" " ind2=" " tag="260"><subfield code="a">Bucuresti, Editura Stiintifica, 1974 848 P</subfield></datafield><datafield ind1=" " ind2=" " tag="852"><subfield code="a">D.498</subfield></datafield></record></collection>